<record><leader>00000cas a2200000 a 4500</leader><controlfield tag="001">15907644</controlfield><controlfield tag="007">hd bfb---baca</controlfield><controlfield tag="008">870611d18181822ksuuu nea     0    0eng c</controlfield><controlfield tag="009">848</controlfield><datafield ind1=" " ind2=" " tag="010"><subfield code="a">  2011252696</subfield></datafield><datafield ind1=" " ind2=" " tag="040"><subfield code="a">KSW</subfield><subfield code="b">eng</subfield><subfield code="c">KSW</subfield><subfield code="d">OCLCG</subfield><subfield code="d">OKU</subfield><subfield code="d">ASU</subfield><subfield code="d">WAU</subfield><subfield code="d">OCLCF</subfield></datafield><datafield ind1=" " ind2=" " tag="019"><subfield code="a">6529945</subfield></datafield><datafield ind1=" " ind2=" " tag="042"><subfield code="a">pcc</subfield></datafield><datafield ind1=" " ind2=" " tag="043"><subfield code="a">n-us-mo</subfield></datafield><datafield ind1="0" ind2="0" tag="245"><subfield code="a">Missouri gazette &amp; public advertiser</subfield><subfield code="h">[microform]</subfield></datafield><datafield ind1="0" ind2="0" tag="246"><subfield code="a">Missouri gazette and public advertiser</subfield></datafield><datafield ind1=" " ind2=" " tag="260"><subfield code="a">Saint Louis, [Mo.] :</subfield><subfield code="b">J. Charless,</subfield><subfield code="c">1818-1822.</subfield></datafield><datafield ind1=" " ind2=" " tag="300"><subfield code="a">5 v. :</subfield><subfield code="b">ill. (chiefly advertisements) ;</subfield><subfield code="c">51 cm.</subfield></datafield><datafield ind1=" " ind2=" " tag="310"><subfield code="a">Weekly</subfield></datafield><datafield ind1="1" ind2=" " tag="362"><subfield code="a">Began with: Vol. 10, no. 510 (July 10, 1818); ceased with: v. 14, no. 701 (Mar. 6, 1822).</subfield></datafield><datafield ind1=" " ind2=" " tag="500"><subfield code="a">Publisher varies: Sept. 20, 1820-   , J.C. Cummins.</subfield></datafield><datafield ind1=" " ind2=" " tag="525"><subfield code="a">Supplements accompany some numbers.</subfield></datafield><datafield ind1=" " ind2=" " tag="533"><subfield code="a">Microfilm.</subfield><subfield code="b">Topeka :</subfield><subfield code="c">Kansas State Historical Society,</subfield><subfield code="d">1950.</subfield><subfield code="e">1 reel : negative ; 35 mm.</subfield></datafield><datafield ind1=" " ind2=" " tag="588"><subfield code="a">Description based on: Vol. 10, no. 510 (July 10, 1818); title from masthead.</subfield></datafield><datafield ind1=" " ind2=" " tag="588"><subfield code="a">Latest issue consulted: Vol. 14, no. 701 (Mar. 6, 1822).</subfield></datafield><datafield ind1=" " ind2="0" tag="651"><subfield code="a">Saint Louis (Mo.)</subfield><subfield code="v">Newspapers.</subfield></datafield><datafield ind1=" " ind2="7" tag="655"><subfield code="a">Newspapers.</subfield><subfield code="2">fast</subfield><subfield code="0">(OCoLC)fst01423814</subfield></datafield><datafield ind1=" " ind2="7" tag="651"><subfield code="a">Missouri</subfield><subfield code="z">Saint Louis.</subfield><subfield code="2">fast</subfield><subfield code="0">(OCoLC)fst01204930</subfield></datafield><datafield ind1="1" ind2=" " tag="700"><subfield code="a">Charless, Joseph,</subfield><subfield code="d">1772-1834.</subfield></datafield><datafield ind1=" " ind2=" " tag="752"><subfield code="a">United States</subfield><subfield code="b">Missouri</subfield><subfield code="d">Saint Louis.</subfield></datafield><datafield ind1="0" ind2=" " tag="776"><subfield code="t">Missouri gazette &amp; public advertiser</subfield><subfield code="w">(DLC)sn 83025431</subfield><subfield code="w">(OCoLC)9455117</subfield></datafield><datafield ind1="0" ind2="0" tag="780"><subfield code="t">Missouri gazette &amp; Illinois advertiser (Saint Louis, Mo. : 1818)</subfield><subfield code="w">(DLC)  2011252695</subfield><subfield code="w">(OCoLC)18506277</subfield></datafield><datafield ind1="0" ind2="0" tag="785"><subfield code="t">Missouri republican (Saint Louis, Mo. : Weekly : 1822)</subfield><subfield code="w">(DLC)  2011252697</subfield><subfield code="w">(OCoLC)15907150</subfield></datafield></record>